<record><leader>00000cas a2200000 a 4500</leader><controlfield tag="001">5515355</controlfield><controlfield tag="008">791011d19711982nhusn ne      0   a0eng d</controlfield><datafield ind1=" " ind2=" " tag="010"><subfield code="a">sn 79007916 </subfield></datafield><datafield ind1=" " ind2=" " tag="040"><subfield code="a">NSD</subfield><subfield code="b">eng</subfield><subfield code="c">NSD</subfield><subfield code="d">NVH</subfield><subfield code="d">OCL</subfield><subfield code="d">OCLCQ</subfield></datafield><datafield ind1=" " ind2=" " tag="012"><subfield code="k">1</subfield><subfield code="m">d</subfield></datafield><datafield ind1="1" ind2=" " tag="022"><subfield code="a">0199-011X</subfield><subfield code="l">0199-011X</subfield><subfield code="2">1</subfield></datafield><datafield ind1=" " ind2=" " tag="042"><subfield code="a">nsdp</subfield></datafield><datafield ind1="0" ind2=" " tag="130"><subfield code="a">Concern (Manchester, N.H.)</subfield></datafield><datafield ind1=" " ind2="0" tag="222"><subfield code="a">Concern</subfield><subfield code="b">(Manchester)</subfield></datafield><datafield ind1="1" ind2="0" tag="245"><subfield code="a">Concern.</subfield></datafield><datafield ind1=" " ind2=" " tag="260"><subfield code="a">Manchester, N.H. :</subfield><subfield code="b">Office of Communications [Catholic Diocese of Manchester]</subfield></datafield><datafield ind1=" " ind2=" " tag="310"><subfield code="a">Semimonthly,</subfield><subfield code="b">Jan. 20, 1980-Dec. 19, 1982</subfield></datafield><datafield ind1=" " ind2=" " tag="321"><subfield code="a">Monthly (except July),</subfield><subfield code="b">&lt;Jan. 1972&gt;-Dec. 1979</subfield></datafield><datafield ind1="1" ind2=" " tag="362"><subfield code="a">Began in 1971?</subfield></datafield><datafield ind1="0" ind2=" " tag="362"><subfield code="a">-v.82, no. 20 (Dec. 19, 1982).</subfield></datafield><datafield ind1=" " ind2=" " tag="588"><subfield code="a">Description based on: Vol. 2, no. 1 (Jan. 1972).</subfield></datafield><datafield ind1=" " ind2=" " tag="752"><subfield code="a">United States</subfield><subfield code="b">New Hampshire</subfield><subfield code="c">Hillsborough</subfield><subfield code="d">Manchester.</subfield></datafield><datafield ind1=" " ind2=" " tag="936"><subfield code="a">Sept. 2, 1979</subfield></datafield></record>